<record><leader>00000cas a2200000 a 4500</leader><controlfield tag="001">12442175</controlfield><controlfield tag="008">850830d19321943ksuwr ne      0    0eng d</controlfield><datafield ind1=" " ind2=" " tag="010"><subfield code="a">sn 85031885 </subfield></datafield><datafield ind1=" " ind2=" " tag="040"><subfield code="a">KSH</subfield><subfield code="b">eng</subfield><subfield code="c">KSH</subfield><subfield code="d">NPT</subfield><subfield code="d">OCL</subfield><subfield code="d">OCLCQ</subfield></datafield><datafield ind1=" " ind2=" " tag="042"><subfield code="a">msc</subfield></datafield><datafield ind1="0" ind2="4" tag="245"><subfield code="a">The Manhattan news.</subfield></datafield><datafield ind1=" " ind2=" " tag="260"><subfield code="a">Manhattan, Kan. :</subfield><subfield code="b">S.R. Knox &amp; H.E. Sheldon,</subfield><subfield code="c">-1943.</subfield></datafield><datafield ind1=" " ind2=" " tag="300"><subfield code="a">v. :</subfield><subfield code="b">ill. ;</subfield><subfield code="c">56 cm.</subfield></datafield><datafield ind1=" " ind2=" " tag="310"><subfield code="a">Weekly</subfield></datafield><datafield ind1="0" ind2=" " tag="362"><subfield code="a">-v. 11, no. 33 (June 24, 1943).</subfield></datafield><datafield ind1="1" ind2=" " tag="362"><subfield code="a">Began in 1932.</subfield><subfield code="z">Cf. Ayer, 1939.</subfield></datafield><datafield ind1=" " ind2=" " tag="500"><subfield code="a">Published by S.R. Knox, Aug. 17, 1939-June 24, 1943.</subfield></datafield><datafield ind1=" " ind2=" " tag="515"><subfield code="a">Numbering is irregular.</subfield></datafield><datafield ind1=" " ind2=" " tag="580"><subfield code="a">Published during the suspension of: Manhattan tribune (Manhattan, Kan. : 1914) Apr. 8-Dec. 30, 1937.</subfield></datafield><datafield ind1=" " ind2=" " tag="588"><subfield code="a">Description based on: Vol. 5, no. 27 (Apr. 8, 1937).</subfield></datafield><datafield ind1=" " ind2=" " tag="752"><subfield code="a">United States</subfield><subfield code="b">Kansas</subfield><subfield code="c">Riley</subfield><subfield code="d">Manhattan.</subfield></datafield><datafield ind1="0" ind2="7" tag="785"><subfield code="t">Manhattan tribune (Manhattan, Kan. : 1914)</subfield><subfield code="w">(DLC)sn 85031886</subfield></datafield><datafield ind1="0" ind2="7" tag="785"><subfield code="t">Manhattan tribune-news (Manhattan, Kan. : 1943)</subfield><subfield code="w">(DLC)sn 85031887</subfield></datafield><datafield ind1="1" ind2=" " tag="787"><subfield code="t">Manhattan tribune (Manhattan, Kan. : 1914)</subfield><subfield code="w">(DLC)sn 85031886</subfield></datafield><datafield ind1="1" ind2=" " tag="029"><subfield code="a">AU@</subfield><subfield code="b">000022164628</subfield></datafield></record>